
    <zs:record>
      <zs:recordSchema/>
      <zs:recordPacking>xml</zs:recordPacking>
      <zs:recordData>
        <record xmlns="http://www.loc.gov/MARC21/slim">
          <leader>01035nam a2200313 a 4500</leader>
          <controlfield tag="001">1984462</controlfield>
          <controlfield tag="005">19900430172606.6</controlfield>
          <controlfield tag="008">890130s1987    qucc          000 0dfre  </controlfield>
          <datafield tag="035" ind1=" " ind2=" ">
            <subfield code="9">(DLC)   89108539</subfield>
          </datafield>
          <datafield tag="906" ind1=" " ind2=" ">
            <subfield code="a">7</subfield>
            <subfield code="b">cbc</subfield>
            <subfield code="c">orignew</subfield>
            <subfield code="d">4</subfield>
            <subfield code="e">ncip</subfield>
            <subfield code="f">19</subfield>
            <subfield code="g">y-gencatlg</subfield>
          </datafield>
          <datafield tag="955" ind1=" " ind2=" ">
            <subfield code="a">ep03 01-30-89; fc14 02-16-89; ff05 03-1-89</subfield>
          </datafield>
          <datafield tag="010" ind1=" " ind2=" ">
            <subfield code="a">   89108539 </subfield>
          </datafield>
          <datafield tag="020" ind1=" " ind2=" ">
            <subfield code="a">2890150518</subfield>
          </datafield>
          <datafield tag="040" ind1=" " ind2=" ">
            <subfield code="a">DLC</subfield>
            <subfield code="c">DLC</subfield>
            <subfield code="d">DLC</subfield>
          </datafield>
          <datafield tag="043" ind1=" " ind2=" ">
            <subfield code="a">n-cn-qu</subfield>
          </datafield>
          <datafield tag="050" ind1="0" ind2="0">
            <subfield code="a">QK31.M27</subfield>
            <subfield code="b">A25 1987</subfield>
          </datafield>
          <datafield tag="082" ind1="0" ind2="0">
            <subfield code="a">581</subfield>
            <subfield code="2">20</subfield>
          </datafield>
          <datafield tag="100" ind1="0" ind2=" ">
            <subfield code="a">Marie-Victorin,</subfield>
            <subfield code="c">frère, E.C.,</subfield>
            <subfield code="d">1885-1944.</subfield>
          </datafield>
          <datafield tag="245" ind1="1" ind2="3">
            <subfield code="a">Le choix d'Auray Blain dans l'oeuvre de Marie-Victorin.</subfield>
          </datafield>
          <datafield tag="260" ind1=" " ind2=" ">
            <subfield code="a">Charlesbourg, Québec :</subfield>
            <subfield code="b">Presses laurentiennes,</subfield>
            <subfield code="c">1987.</subfield>
          </datafield>
          <datafield tag="300" ind1=" " ind2=" ">
            <subfield code="a">79 p. :</subfield>
            <subfield code="b">port. ;</subfield>
            <subfield code="c">19 cm.</subfield>
          </datafield>
          <datafield tag="490" ind1="0" ind2=" ">
            <subfield code="a">Collection "Le Choix de--". Série B</subfield>
          </datafield>
          <datafield tag="600" ind1="0" ind2="0">
            <subfield code="a">Marie-Victorin,</subfield>
            <subfield code="c">frère, E. C.,</subfield>
            <subfield code="d">1885-1944.</subfield>
          </datafield>
          <datafield tag="650" ind1=" " ind2="0">
            <subfield code="a">Trees.</subfield>
          </datafield>
          <datafield tag="650" ind1=" " ind2="0">
            <subfield code="a">Nature.</subfield>
          </datafield>
          <datafield tag="650" ind1=" " ind2="0">
            <subfield code="a">Botanists</subfield>
            <subfield code="z">Québec (Province)</subfield>
            <subfield code="x">Biography.</subfield>
          </datafield>
          <datafield tag="700" ind1="1" ind2=" ">
            <subfield code="a">Balin, Auray.</subfield>
          </datafield>
          <datafield tag="922" ind1=" " ind2=" ">
            <subfield code="a">ap</subfield>
          </datafield>
          <datafield tag="991" ind1=" " ind2=" ">
            <subfield code="b">c-GenColl</subfield>
            <subfield code="h">QK31.M27</subfield>
            <subfield code="i">A25 1987</subfield>
            <subfield code="p">00053292975</subfield>
            <subfield code="t">Copy 1</subfield>
            <subfield code="w">BOOKS</subfield>
          </datafield>
        </record>
      </zs:recordData>
      <zs:recordPosition>3</zs:recordPosition>
    </zs:record>