
    <zs:record>
      <zs:recordSchema/>
      <zs:recordPacking>xml</zs:recordPacking>
      <zs:recordData>
        <record xmlns="http://www.loc.gov/MARC21/slim">
          <leader>01194cam a22002771  4500</leader>
          <controlfield tag="001">6869326</controlfield>
          <controlfield tag="005">20050819191807.0</controlfield>
          <controlfield tag="008">851219s1929    nyuab         000 0 fre c</controlfield>
          <datafield tag="035" ind1=" " ind2=" ">
            <subfield code="9">(DLC)agr29001144</subfield>
          </datafield>
          <datafield tag="906" ind1=" " ind2=" ">
            <subfield code="a">7</subfield>
            <subfield code="b">cbc</subfield>
            <subfield code="c">oclcrpl</subfield>
            <subfield code="d">u</subfield>
            <subfield code="e">ncip</subfield>
            <subfield code="f">19</subfield>
            <subfield code="g">y-gencatlg</subfield>
          </datafield>
          <datafield tag="010" ind1=" " ind2=" ">
            <subfield code="a">agr29001144 </subfield>
          </datafield>
          <datafield tag="035" ind1=" " ind2=" ">
            <subfield code="a">(OCoLC)12936097</subfield>
          </datafield>
          <datafield tag="040" ind1=" " ind2=" ">
            <subfield code="a">U.S. Dept. of Agr. Library</subfield>
            <subfield code="c">NRU</subfield>
            <subfield code="d">NRU</subfield>
            <subfield code="d">OCoLC</subfield>
            <subfield code="d">DLC</subfield>
          </datafield>
          <datafield tag="042" ind1=" " ind2=" ">
            <subfield code="a">premarc</subfield>
          </datafield>
          <datafield tag="050" ind1="0" ind2="0">
            <subfield code="a">QK1</subfield>
            <subfield code="b">.M8527 no. 13</subfield>
          </datafield>
          <datafield tag="070" ind1="0" ind2=" ">
            <subfield code="a">451</subfield>
            <subfield code="b">M763 no.13</subfield>
          </datafield>
          <datafield tag="100" ind1="0" ind2=" ">
            <subfield code="a">Marie-Victorin,</subfield>
            <subfield code="c">frère, E.C.,</subfield>
            <subfield code="d">1885-1944.</subfield>
          </datafield>
          <datafield tag="245" ind1="0" ind2="3">
            <subfield code="a">Le dynamisme dans la flore du Québec;</subfield>
            <subfield code="b">essai sur les forces d'évolution et d'élimination en œuvre dans certaines populations végétales.</subfield>
            <subfield code="c">Par frère Marie-Victorin.</subfield>
          </datafield>
          <datafield tag="260" ind1=" " ind2=" ">
            <subfield code="a">New York,</subfield>
            <subfield code="b">H. G. Fiedler;</subfield>
            <subfield code="a">Montréal,</subfield>
            <subfield code="b">Laboratoire de botanique, Université de Montréal,</subfield>
            <subfield code="c">1929.</subfield>
          </datafield>
          <datafield tag="300" ind1=" " ind2=" ">
            <subfield code="a">x, [11]-89 p.</subfield>
            <subfield code="b">illus. (incl. maps)</subfield>
            <subfield code="c">23 cm.</subfield>
          </datafield>
          <datafield tag="490" ind1="0" ind2=" ">
            <subfield code="a">Contributions du Laboratoire de botanique de l'Université de Montréal.</subfield>
            <subfield code="v">no. 13</subfield>
          </datafield>
          <datafield tag="650" ind1=" " ind2="0">
            <subfield code="a">Botany</subfield>
            <subfield code="z">Québec (Province)</subfield>
          </datafield>
          <datafield tag="650" ind1=" " ind2="0">
            <subfield code="a">Plants</subfield>
            <subfield code="x">Evolution.</subfield>
          </datafield>
          <datafield tag="650" ind1=" " ind2="0">
            <subfield code="a">Plant ecology.</subfield>
          </datafield>
          <datafield tag="985" ind1=" " ind2=" ">
            <subfield code="e">OCLC REPLACEMENT cdsdistr</subfield>
          </datafield>
          <datafield tag="991" ind1=" " ind2=" ">
            <subfield code="b">c-GenColl</subfield>
            <subfield code="h">QK1</subfield>
            <subfield code="i">.M8527 no. 13</subfield>
            <subfield code="p">00053237587</subfield>
            <subfield code="t">Copy 1</subfield>
            <subfield code="v">13</subfield>
            <subfield code="w">OCLCREP</subfield>
          </datafield>
        </record>
      </zs:recordData>
      <zs:recordPosition>8</zs:recordPosition>
    </zs:record>