
    <zs:record>
      <zs:recordSchema/>
      <zs:recordPacking>xml</zs:recordPacking>
      <zs:recordData>
        <record xmlns="http://www.loc.gov/MARC21/slim">
          <leader>01158cam a22003131  4500</leader>
          <controlfield tag="001">10131853</controlfield>
          <controlfield tag="005">20101203115747.0</controlfield>
          <controlfield tag="008">860829s1923    quc      b    000 0 fre c</controlfield>
          <datafield tag="035" ind1=" " ind2=" ">
            <subfield code="9">(DLC)agr23001372</subfield>
          </datafield>
          <datafield tag="906" ind1=" " ind2=" ">
            <subfield code="a">7</subfield>
            <subfield code="b">cbc</subfield>
            <subfield code="c">oclcrpl</subfield>
            <subfield code="d">u</subfield>
            <subfield code="e">ncip</subfield>
            <subfield code="f">19</subfield>
            <subfield code="g">y-gencatlg</subfield>
          </datafield>
          <datafield tag="010" ind1=" " ind2=" ">
            <subfield code="a">agr23001372 </subfield>
          </datafield>
          <datafield tag="035" ind1=" " ind2=" ">
            <subfield code="a">(OCoLC)14160163</subfield>
          </datafield>
          <datafield tag="040" ind1=" " ind2=" ">
            <subfield code="a">Library, U.S. Dept. of Agriculture</subfield>
            <subfield code="c">NhD</subfield>
            <subfield code="d">NhD</subfield>
            <subfield code="d">DLC</subfield>
          </datafield>
          <datafield tag="042" ind1=" " ind2=" ">
            <subfield code="a">premarc</subfield>
          </datafield>
          <datafield tag="050" ind1="0" ind2="0">
            <subfield code="a">QK1</subfield>
            <subfield code="b">.M8527 no. 2</subfield>
          </datafield>
          <datafield tag="070" ind1="0" ind2=" ">
            <subfield code="a">451M763</subfield>
            <subfield code="b">no. 2</subfield>
          </datafield>
          <datafield tag="100" ind1="0" ind2=" ">
            <subfield code="a">Marie-Victorin,</subfield>
            <subfield code="c">frère, E.C.,</subfield>
            <subfield code="d">1885-1944.</subfield>
          </datafield>
          <datafield tag="245" ind1="1" ind2="4">
            <subfield code="a">Les filicinées du Québec ...</subfield>
          </datafield>
          <datafield tag="260" ind1=" " ind2=" ">
            <subfield code="a">Montréal</subfield>
            <subfield code="b">[Imprimerie populaire, limitée]</subfield>
            <subfield code="c">1923.</subfield>
          </datafield>
          <datafield tag="300" ind1=" " ind2=" ">
            <subfield code="a">98 p.</subfield>
            <subfield code="c">23 cm.</subfield>
          </datafield>
          <datafield tag="490" ind1="0" ind2=" ">
            <subfield code="a">Montréal. Université. Laboratoire de botanique. Contributions</subfield>
            <subfield code="v">no. 2</subfield>
          </datafield>
          <datafield tag="500" ind1=" " ind2=" ">
            <subfield code="a">Supplément de la Revue trimestrielle canadienne, mars 1923, tome IX.</subfield>
          </datafield>
          <datafield tag="500" ind1=" " ind2=" ">
            <subfield code="a">Errata slip laid in.</subfield>
          </datafield>
          <datafield tag="500" ind1=" " ind2=" ">
            <subfield code="a">Bound with no. 3-no. 8 subsequent to publication.</subfield>
          </datafield>
          <datafield tag="502" ind1=" " ind2=" ">
            <subfield code="a">Thèse--Unvi. de Montréal.</subfield>
          </datafield>
          <datafield tag="504" ind1=" " ind2=" ">
            <subfield code="a">"Bibliographie": p. 89-93.</subfield>
          </datafield>
          <datafield tag="650" ind1=" " ind2="0">
            <subfield code="a">Ferns</subfield>
            <subfield code="z">Québec (Province)</subfield>
          </datafield>
          <datafield tag="985" ind1=" " ind2=" ">
            <subfield code="e">OCLC REPLACEMENT cdsdistr</subfield>
          </datafield>
          <datafield tag="991" ind1=" " ind2=" ">
            <subfield code="b">c-GenColl</subfield>
            <subfield code="h">QK1</subfield>
            <subfield code="i">.M8527 no. 2</subfield>
            <subfield code="t">Copy 1</subfield>
            <subfield code="w">OCLCREP</subfield>
          </datafield>
        </record>
      </zs:recordData>
      <zs:recordPosition>9</zs:recordPosition>
    </zs:record>