
    <zs:record>
      <zs:recordSchema/>
      <zs:recordPacking>xml</zs:recordPacking>
      <zs:recordData>
        <record xmlns="http://www.loc.gov/MARC21/slim">
          <leader>01036cam a22002411  4500</leader>
          <controlfield tag="001">6921751</controlfield>
          <controlfield tag="005">20050820183414.0</controlfield>
          <controlfield tag="008">851120s1941    qucac         000 0 fre c</controlfield>
          <datafield tag="035" ind1=" " ind2=" ">
            <subfield code="9">(DLC)a  43001204</subfield>
          </datafield>
          <datafield tag="906" ind1=" " ind2=" ">
            <subfield code="a">7</subfield>
            <subfield code="b">cbc</subfield>
            <subfield code="c">oclcrpl</subfield>
            <subfield code="d">u</subfield>
            <subfield code="e">ncip</subfield>
            <subfield code="f">19</subfield>
            <subfield code="g">y-gencatlg</subfield>
          </datafield>
          <datafield tag="010" ind1=" " ind2=" ">
            <subfield code="a">a  43001204 </subfield>
          </datafield>
          <datafield tag="035" ind1=" " ind2=" ">
            <subfield code="a">(OCoLC)12825901</subfield>
          </datafield>
          <datafield tag="040" ind1=" " ind2=" ">
            <subfield code="a">N.Y. St. Coll. Agr., Cornell Univ. Library</subfield>
            <subfield code="c">NRU</subfield>
            <subfield code="d">NRU</subfield>
            <subfield code="d">DLC</subfield>
          </datafield>
          <datafield tag="042" ind1=" " ind2=" ">
            <subfield code="a">premarc</subfield>
          </datafield>
          <datafield tag="050" ind1="0" ind2="0">
            <subfield code="a">QK1</subfield>
            <subfield code="b">.M8527 no. 40</subfield>
          </datafield>
          <datafield tag="100" ind1="0" ind2=" ">
            <subfield code="a">Marie-Victorin,</subfield>
            <subfield code="c">frère, E.C.,</subfield>
            <subfield code="d">1885-1944.</subfield>
          </datafield>
          <datafield tag="245" ind1="0" ind2="0">
            <subfield code="a">Histoire de l'Institut botanique de l'Université de Montréal, 1920-1940,</subfield>
            <subfield code="c">par frère Marie-Victorin.</subfield>
          </datafield>
          <datafield tag="260" ind1=" " ind2=" ">
            <subfield code="a">Montréal, Can.,</subfield>
            <subfield code="b">Institut botanique de l'Université de Montréal,</subfield>
            <subfield code="c">1941.</subfield>
          </datafield>
          <datafield tag="300" ind1=" " ind2=" ">
            <subfield code="a">3 p. l., [9]-70 p.</subfield>
            <subfield code="b">illus. (incl. ports.)</subfield>
            <subfield code="c">23 cm.</subfield>
          </datafield>
          <datafield tag="490" ind1="0" ind2=" ">
            <subfield code="a">Contributions de l'Institut botanique de l'Université de Montréal,</subfield>
            <subfield code="v">no. 40</subfield>
          </datafield>
          <datafield tag="610" ind1="2" ind2="0">
            <subfield code="a">Université de Montréal.</subfield>
            <subfield code="b">Institut botanique.</subfield>
          </datafield>
          <datafield tag="985" ind1=" " ind2=" ">
            <subfield code="e">OCLC REPLACEMENT cdsdistr</subfield>
          </datafield>
          <datafield tag="991" ind1=" " ind2=" ">
            <subfield code="b">c-GenColl</subfield>
            <subfield code="h">QK1</subfield>
            <subfield code="i">.M8527 no. 40</subfield>
            <subfield code="p">00053236807</subfield>
            <subfield code="t">Copy 1</subfield>
            <subfield code="v">40</subfield>
            <subfield code="w">OCLCREP</subfield>
          </datafield>
        </record>
      </zs:recordData>
      <zs:recordPosition>14</zs:recordPosition>
    </zs:record>