
    <zs:record>
      <zs:recordSchema/>
      <zs:recordPacking>xml</zs:recordPacking>
      <zs:recordData>
        <record xmlns="http://www.loc.gov/MARC21/slim">
          <leader>00962nam a2200241u  4500</leader>
          <controlfield tag="001">7641155</controlfield>
          <controlfield tag="005">00000000000000.0</controlfield>
          <controlfield tag="008">840411s1962    quc           000 0 fre  </controlfield>
          <datafield tag="035" ind1=" " ind2=" ">
            <subfield code="9">(DLC)   78225179</subfield>
          </datafield>
          <datafield tag="906" ind1=" " ind2=" ">
            <subfield code="a">0</subfield>
            <subfield code="b">cbc</subfield>
            <subfield code="c">premunv</subfield>
            <subfield code="d">u</subfield>
            <subfield code="e">ncip</subfield>
            <subfield code="f">19</subfield>
            <subfield code="g">y-gencatlg</subfield>
          </datafield>
          <datafield tag="010" ind1=" " ind2=" ">
            <subfield code="a">   78225179 </subfield>
          </datafield>
          <datafield tag="040" ind1=" " ind2=" ">
            <subfield code="a">DLC</subfield>
            <subfield code="c">CarP</subfield>
            <subfield code="d">DLC</subfield>
          </datafield>
          <datafield tag="050" ind1="0" ind2="0">
            <subfield code="a">CS88.S2143</subfield>
            <subfield code="b">R6</subfield>
          </datafield>
          <datafield tag="100" ind1="0" ind2=" ">
            <subfield code="a">Robert-Edmond,</subfield>
            <subfield code="c">frère, E. C.,</subfield>
            <subfield code="d">1901- [from old catalog]</subfield>
          </datafield>
          <datafield tag="245" ind1="1" ind2="0">
            <subfield code="a">Répertoire des mariages de Beaupré comté Montmorency (1927-1961) </subfield>
          </datafield>
          <datafield tag="260" ind1=" " ind2=" ">
            <subfield code="a">[Ste Foy, Qué.]</subfield>
            <subfield code="c">1962.</subfield>
          </datafield>
          <datafield tag="300" ind1=" " ind2=" ">
            <subfield code="a">71 l.</subfield>
            <subfield code="c">28 cm.</subfield>
          </datafield>
          <datafield tag="650" ind1=" " ind2="0">
            <subfield code="a">Registers of births, etc.</subfield>
            <subfield code="z">Sainte-Anne-de-Beaupré. [from old catalog]</subfield>
          </datafield>
          <datafield tag="650" ind1=" " ind2="0">
            <subfield code="a">Registers of births, etc.</subfield>
            <subfield code="z">Saint-Jean-de-Boischâtel. [from old catalog]</subfield>
          </datafield>
          <datafield tag="740" ind1=" " ind2=" ">
            <subfield code="a">Répertoire des mariages de Boischatel.</subfield>
          </datafield>
          <datafield tag="810" ind1="2" ind2=" ">
            <subfield code="a">Société canadienne de généalogie (Québec).</subfield>
            <subfield code="t">Contribution</subfield>
            <subfield code="v">no 3. [from old catalog]</subfield>
          </datafield>
          <datafield tag="985" ind1=" " ind2=" ">
            <subfield code="g">fcd</subfield>
          </datafield>
          <datafield tag="991" ind1=" " ind2=" ">
            <subfield code="b">c-GenColl</subfield>
            <subfield code="h">CS88.S2143</subfield>
            <subfield code="i">R6</subfield>
            <subfield code="t">Copy 1</subfield>
            <subfield code="w">PREM</subfield>
          </datafield>
        </record>
      </zs:recordData>
      <zs:recordPosition>24</zs:recordPosition>
    </zs:record>